@article{einstein,
    author        = {Albert Einstein},
    title         = {Zur Elektrodynamik bewegter K{\"o}rper. (German) [On the electrodynamics of moving bodies]},
    journaltitle  = {Annalen der Physik},
    year          = {1905},
    volume        = {322},
    number        = {10},
    pages         = {891-921},
    doi           = {http://dx.doi.org/10.1002/andp.19053221004}
}

@article{imglabelseq,
author = {Rosenfeld, Azriel and Pfaltz, John L.},
title = {Sequential Operations in Digital Picture Processing},
year = {1966},
issue_date = {Oct. 1966},
publisher = {Association for Computing Machinery},
address = {New York, NY, USA},
volume = {13},
number = {4},
issn = {0004-5411},
url = {https://doi.org/10.1145/321356.321357},
doi = {10.1145/321356.321357},
journal = {J. ACM},
month = oct,
pages = {471â€“494},
numpages = {24}
}
  
